%YAML 1.1
%TAG !u! tag:unity3d.com,2011:
--- !u!1001 &100100000
Prefab:
  m_ObjectHideFlags: 1
  serializedVersion: 2
  m_Modification:
    m_TransformParent: {fileID: 0}
    m_Modifications: []
    m_RemovedComponents: []
  m_ParentPrefab: {fileID: 0}
  m_RootGameObject: {fileID: 1432672882935480}
  m_IsPrefabParent: 1
--- !u!1 &1008437256198028
GameObject:
  m_ObjectHideFlags: 1
  m_PrefabParentObject: {fileID: 0}
  m_PrefabInternal: {fileID: 100100000}
  serializedVersion: 5
  m_Component:
  - component: {fileID: 4174626607815224}
  m_Layer: 0
  m_Name: MapRoot_Bip01_L_Toe0
  m_TagString: Untagged
  m_Icon: {fileID: 0}
  m_NavMeshLayer: 0
  m_StaticEditorFlags: 0
  m_IsActive: 1
--- !u!1 &1049343284512120
GameObject:
  m_ObjectHideFlags: 1
  m_PrefabParentObject: {fileID: 0}
  m_PrefabInternal: {fileID: 100100000}
  serializedVersion: 5
  m_Component:
  - component: {fileID: 4287523203990874}
  m_Layer: 0
  m_Name: MapRoot_Bip01_L_Finger12
  m_TagString: Untagged
  m_Icon: {fileID: 0}
  m_NavMeshLayer: 0
  m_StaticEditorFlags: 0
  m_IsActive: 1
--- !u!1 &1066043306708272
GameObject:
  m_ObjectHideFlags: 1
  m_PrefabParentObject: {fileID: 0}
  m_PrefabInternal: {fileID: 100100000}
  serializedVersion: 5
  m_Component:
  - component: {fileID: 4041039478894478}
  m_Layer: 0
  m_Name: MapRoot_Bip01_R_Hand
  m_TagString: Untagged
  m_Icon: {fileID: 0}
  m_NavMeshLayer: 0
  m_StaticEditorFlags: 0
  m_IsActive: 1
--- !u!1 &1082101374594536
GameObject:
  m_ObjectHideFlags: 1
  m_PrefabParentObject: {fileID: 0}
  m_PrefabInternal: {fileID: 100100000}
  serializedVersion: 5
  m_Component:
  - component: {fileID: 4950744332464698}
  m_Layer: 0
  m_Name: MapRoot_Bip01_L_Finger0
  m_TagString: Untagged
  m_Icon: {fileID: 0}
  m_NavMeshLayer: 0
  m_StaticEditorFlags: 0
  m_IsActive: 1
--- !u!1 &1084243518711736
GameObject:
  m_ObjectHideFlags: 1
  m_PrefabParentObject: {fileID: 0}
  m_PrefabInternal: {fileID: 100100000}
  serializedVersion: 5
  m_Component:
  - component: {fileID: 4597262115322832}
  m_Layer: 0
  m_Name: MapRoot_Bip01_L_Forearm
  m_TagString: Untagged
  m_Icon: {fileID: 0}
  m_NavMeshLayer: 0
  m_StaticEditorFlags: 0
  m_IsActive: 1
--- !u!1 &1116568203310784
GameObject:
  m_ObjectHideFlags: 1
  m_PrefabParentObject: {fileID: 0}
  m_PrefabInternal: {fileID: 100100000}
  serializedVersion: 5
  m_Component:
  - component: {fileID: 4272837044023286}
  m_Layer: 0
  m_Name: MapRoot_Bip01_R_Calf
  m_TagString: Untagged
  m_Icon: {fileID: 0}
  m_NavMeshLayer: 0
  m_StaticEditorFlags: 0
  m_IsActive: 1
--- !u!1 &1121580789854906
GameObject:
  m_ObjectHideFlags: 1
  m_PrefabParentObject: {fileID: 0}
  m_PrefabInternal: {fileID: 100100000}
  serializedVersion: 5
  m_Component:
  - component: {fileID: 4540670414553192}
  m_Layer: 0
  m_Name: MapRoot_Bip01_Pelvis
  m_TagString: Untagged
  m_Icon: {fileID: 0}
  m_NavMeshLayer: 0
  m_StaticEditorFlags: 0
  m_IsActive: 1
--- !u!1 &1178566049957216
GameObject:
  m_ObjectHideFlags: 1
  m_PrefabParentObject: {fileID: 0}
  m_PrefabInternal: {fileID: 100100000}
  serializedVersion: 5
  m_Component:
  - component: {fileID: 4065645926435004}
  m_Layer: 0
  m_Name: MapRoot_Bip01_L_Finger01
  m_TagString: Untagged
  m_Icon: {fileID: 0}
  m_NavMeshLayer: 0
  m_StaticEditorFlags: 0
  m_IsActive: 1
--- !u!1 &1185198212150320
GameObject:
  m_ObjectHideFlags: 1
  m_PrefabParentObject: {fileID: 0}
  m_PrefabInternal: {fileID: 100100000}
  serializedVersion: 5
  m_Component:
  - component: {fileID: 4590831974823806}
  m_Layer: 0
  m_Name: MapRoot_Bip01_L_UpperArm
  m_TagString: Untagged
  m_Icon: {fileID: 0}
  m_NavMeshLayer: 0
  m_StaticEditorFlags: 0
  m_IsActive: 1
--- !u!1 &1194459641205924
GameObject:
  m_ObjectHideFlags: 1
  m_PrefabParentObject: {fileID: 0}
  m_PrefabInternal: {fileID: 100100000}
  serializedVersion: 5
  m_Component:
  - component: {fileID: 4338114129838462}
  m_Layer: 0
  m_Name: MapRoot_Bip01_R_Finger0
  m_TagString: Untagged
  m_Icon: {fileID: 0}
  m_NavMeshLayer: 0
  m_StaticEditorFlags: 0
  m_IsActive: 1
--- !u!1 &1199110791272574
GameObject:
  m_ObjectHideFlags: 1
  m_PrefabParentObject: {fileID: 0}
  m_PrefabInternal: {fileID: 100100000}
  serializedVersion: 5
  m_Component:
  - component: {fileID: 4500606209734284}
  m_Layer: 0
  m_Name: MapRoot_Bip01_R_Finger02
  m_TagString: Untagged
  m_Icon: {fileID: 0}
  m_NavMeshLayer: 0
  m_StaticEditorFlags: 0
  m_IsActive: 1
--- !u!1 &1202841666961854
GameObject:
  m_ObjectHideFlags: 1
  m_PrefabParentObject: {fileID: 0}
  m_PrefabInternal: {fileID: 100100000}
  serializedVersion: 5
  m_Component:
  - component: {fileID: 4681577471835840}
  m_Layer: 0
  m_Name: MapRoot_Bip01_L_ForeTwist1
  m_TagString: Untagged
  m_Icon: {fileID: 0}
  m_NavMeshLayer: 0
  m_StaticEditorFlags: 0
  m_IsActive: 1
--- !u!1 &1229248274192782
GameObject:
  m_ObjectHideFlags: 1
  m_PrefabParentObject: {fileID: 0}
  m_PrefabInternal: {fileID: 100100000}
  serializedVersion: 5
  m_Component:
  - component: {fileID: 4499386353886830}
  m_Layer: 0
  m_Name: MapRoot_Bip01_L_ForeTwist
  m_TagString: Untagged
  m_Icon: {fileID: 0}
  m_NavMeshLayer: 0
  m_StaticEditorFlags: 0
  m_IsActive: 1
--- !u!1 &1316453922449726
GameObject:
  m_ObjectHideFlags: 0
  m_PrefabParentObject: {fileID: 0}
  m_PrefabInternal: {fileID: 100100000}
  serializedVersion: 5
  m_Component:
  - component: {fileID: 4917692577830048}
  - component: {fileID: 137843298005506580}
  m_Layer: 0
  m_Name: StrikeTroopArmour
  m_TagString: Untagged
  m_Icon: {fileID: 0}
  m_NavMeshLayer: 0
  m_StaticEditorFlags: 0
  m_IsActive: 1
--- !u!1 &1329849855867910
GameObject:
  m_ObjectHideFlags: 1
  m_PrefabParentObject: {fileID: 0}
  m_PrefabInternal: {fileID: 100100000}
  serializedVersion: 5
  m_Component:
  - component: {fileID: 4836256361509438}
  m_Layer: 0
  m_Name: MapRoot_Bip01_R_Finger11
  m_TagString: Untagged
  m_Icon: {fileID: 0}
  m_NavMeshLayer: 0
  m_StaticEditorFlags: 0
  m_IsActive: 1
--- !u!1 &1336309949759030
GameObject:
  m_ObjectHideFlags: 1
  m_PrefabParentObject: {fileID: 0}
  m_PrefabInternal: {fileID: 100100000}
  serializedVersion: 5
  m_Component:
  - component: {fileID: 4373437423945340}
  m_Layer: 0
  m_Name: MapRoot_Bip01_R_Finger1
  m_TagString: Untagged
  m_Icon: {fileID: 0}
  m_NavMeshLayer: 0
  m_StaticEditorFlags: 0
  m_IsActive: 1
--- !u!1 &1375752245232372
GameObject:
  m_ObjectHideFlags: 1
  m_PrefabParentObject: {fileID: 0}
  m_PrefabInternal: {fileID: 100100000}
  serializedVersion: 5
  m_Component:
  - component: {fileID: 4623047548765652}
  m_Layer: 0
  m_Name: MapRoot_Bip01_R_UpperArm
  m_TagString: Untagged
  m_Icon: {fileID: 0}
  m_NavMeshLayer: 0
  m_StaticEditorFlags: 0
  m_IsActive: 1
--- !u!1 &1397911960074268
GameObject:
  m_ObjectHideFlags: 1
  m_PrefabParentObject: {fileID: 0}
  m_PrefabInternal: {fileID: 100100000}
  serializedVersion: 5
  m_Component:
  - component: {fileID: 4785977509224938}
  m_Layer: 0
  m_Name: MapRoot_Bip01_R_ForeTwist
  m_TagString: Untagged
  m_Icon: {fileID: 0}
  m_NavMeshLayer: 0
  m_StaticEditorFlags: 0
  m_IsActive: 1
--- !u!1 &1400145797965160
GameObject:
  m_ObjectHideFlags: 1
  m_PrefabParentObject: {fileID: 0}
  m_PrefabInternal: {fileID: 100100000}
  serializedVersion: 5
  m_Component:
  - component: {fileID: 4919615033883256}
  m_Layer: 0
  m_Name: MapRoot_Bip01_R_Finger21
  m_TagString: Untagged
  m_Icon: {fileID: 0}
  m_NavMeshLayer: 0
  m_StaticEditorFlags: 0
  m_IsActive: 1
--- !u!1 &1401069288247092
GameObject:
  m_ObjectHideFlags: 1
  m_PrefabParentObject: {fileID: 0}
  m_PrefabInternal: {fileID: 100100000}
  serializedVersion: 5
  m_Component:
  - component: {fileID: 4158956139249944}
  m_Layer: 0
  m_Name: MapRoot_Bip01_L_Thigh
  m_TagString: Untagged
  m_Icon: {fileID: 0}
  m_NavMeshLayer: 0
  m_StaticEditorFlags: 0
  m_IsActive: 1
--- !u!1 &1432672882935480
GameObject:
  m_ObjectHideFlags: 0
  m_PrefabParentObject: {fileID: 0}
  m_PrefabInternal: {fileID: 100100000}
  serializedVersion: 5
  m_Component:
  - component: {fileID: 4321428117425972}
  - component: {fileID: 95549635910869216}
  - component: {fileID: 114341499513164332}
  m_Layer: 0
  m_Name: Unit2
  m_TagString: Untagged
  m_Icon: {fileID: 0}
  m_NavMeshLayer: 0
  m_StaticEditorFlags: 0
  m_IsActive: 1
--- !u!1 &1449966759878314
GameObject:
  m_ObjectHideFlags: 0
  m_PrefabParentObject: {fileID: 0}
  m_PrefabInternal: {fileID: 100100000}
  serializedVersion: 5
  m_Component:
  - component: {fileID: 4273205644602628}
  m_Layer: 0
  m_Name: Scene_Root
  m_TagString: Untagged
  m_Icon: {fileID: 0}
  m_NavMeshLayer: 0
  m_StaticEditorFlags: 0
  m_IsActive: 1
--- !u!1 &1456071643045288
GameObject:
  m_ObjectHideFlags: 1
  m_PrefabParentObject: {fileID: 0}
  m_PrefabInternal: {fileID: 100100000}
  serializedVersion: 5
  m_Component:
  - component: {fileID: 4134195899540140}
  m_Layer: 0
  m_Name: MapRoot_Bip01_Spine1
  m_TagString: Untagged
  m_Icon: {fileID: 0}
  m_NavMeshLayer: 0
  m_StaticEditorFlags: 0
  m_IsActive: 1
--- !u!1 &1469991414810224
GameObject:
  m_ObjectHideFlags: 0
  m_PrefabParentObject: {fileID: 0}
  m_PrefabInternal: {fileID: 100100000}
  serializedVersion: 5
  m_Component:
  - component: {fileID: 4613543160337584}
  - component: {fileID: 137213147339684670}
  m_Layer: 0
  m_Name: AssaultGun
  m_TagString: Untagged
  m_Icon: {fileID: 0}
  m_NavMeshLayer: 0
  m_StaticEditorFlags: 0
  m_IsActive: 1
--- !u!1 &1470574528073032
GameObject:
  m_ObjectHideFlags: 1
  m_PrefabParentObject: {fileID: 0}
  m_PrefabInternal: {fileID: 100100000}
  serializedVersion: 5
  m_Component:
  - component: {fileID: 4919047304787732}
  m_Layer: 0
  m_Name: MapRoot_Bip01_R_Clavicle
  m_TagString: Untagged
  m_Icon: {fileID: 0}
  m_NavMeshLayer: 0
  m_StaticEditorFlags: 0
  m_IsActive: 1
--- !u!1 &1488786033731924
GameObject:
  m_ObjectHideFlags: 1
  m_PrefabParentObject: {fileID: 0}
  m_PrefabInternal: {fileID: 100100000}
  serializedVersion: 5
  m_Component:
  - component: {fileID: 4446656339609822}
  m_Layer: 0
  m_Name: MapRoot_Bip01_R_Finger2
  m_TagString: Untagged
  m_Icon: {fileID: 0}
  m_NavMeshLayer: 0
  m_StaticEditorFlags: 0
  m_IsActive: 1
--- !u!1 &1496852753669036
GameObject:
  m_ObjectHideFlags: 1
  m_PrefabParentObject: {fileID: 0}
  m_PrefabInternal: {fileID: 100100000}
  serializedVersion: 5
  m_Component:
  - component: {fileID: 4679806756727860}
  m_Layer: 0
  m_Name: MapRoot_Bip01_L_Clavicle
  m_TagString: Untagged
  m_Icon: {fileID: 0}
  m_NavMeshLayer: 0
  m_StaticEditorFlags: 0
  m_IsActive: 1
--- !u!1 &1502306603800694
GameObject:
  m_ObjectHideFlags: 1
  m_PrefabParentObject: {fileID: 0}
  m_PrefabInternal: {fileID: 100100000}
  serializedVersion: 5
  m_Component:
  - component: {fileID: 4773245329255000}
  m_Layer: 0
  m_Name: MapRoot_Bip01_R_Toe0
  m_TagString: Untagged
  m_Icon: {fileID: 0}
  m_NavMeshLayer: 0
  m_StaticEditorFlags: 0
  m_IsActive: 1
--- !u!1 &1516188207927694
GameObject:
  m_ObjectHideFlags: 1
  m_PrefabParentObject: {fileID: 0}
  m_PrefabInternal: {fileID: 100100000}
  serializedVersion: 5
  m_Component:
  - component: {fileID: 4842344724052532}
  m_Layer: 0
  m_Name: MapRoot_Bip01_R_Finger01
  m_TagString: Untagged
  m_Icon: {fileID: 0}
  m_NavMeshLayer: 0
  m_StaticEditorFlags: 0
  m_IsActive: 1
--- !u!1 &1527082164447350
GameObject:
  m_ObjectHideFlags: 1
  m_PrefabParentObject: {fileID: 0}
  m_PrefabInternal: {fileID: 100100000}
  serializedVersion: 5
  m_Component:
  - component: {fileID: 4141690093192566}
  m_Layer: 0
  m_Name: MapRoot_Bip01_R_Finger22
  m_TagString: Untagged
  m_Icon: {fileID: 0}
  m_NavMeshLayer: 0
  m_StaticEditorFlags: 0
  m_IsActive: 1
--- !u!1 &1530326367555522
GameObject:
  m_ObjectHideFlags: 1
  m_PrefabParentObject: {fileID: 0}
  m_PrefabInternal: {fileID: 100100000}
  serializedVersion: 5
  m_Component:
  - component: {fileID: 4911659675474846}
  m_Layer: 0
  m_Name: MapRoot_Bip01_L_Finger21
  m_TagString: Untagged
  m_Icon: {fileID: 0}
  m_NavMeshLayer: 0
  m_StaticEditorFlags: 0
  m_IsActive: 1
--- !u!1 &1545569574553240
GameObject:
  m_ObjectHideFlags: 1
  m_PrefabParentObject: {fileID: 0}
  m_PrefabInternal: {fileID: 100100000}
  serializedVersion: 5
  m_Component:
  - component: {fileID: 4420063035405508}
  m_Layer: 0
  m_Name: MapRoot_Bip01_R_Forearm
  m_TagString: Untagged
  m_Icon: {fileID: 0}
  m_NavMeshLayer: 0
  m_StaticEditorFlags: 0
  m_IsActive: 1
--- !u!1 &1550466483178924
GameObject:
  m_ObjectHideFlags: 1
  m_PrefabParentObject: {fileID: 0}
  m_PrefabInternal: {fileID: 100100000}
  serializedVersion: 5
  m_Component:
  - component: {fileID: 4289025233175730}
  m_Layer: 0
  m_Name: MapRoot_Bip01_R_Finger12
  m_TagString: Untagged
  m_Icon: {fileID: 0}
  m_NavMeshLayer: 0
  m_StaticEditorFlags: 0
  m_IsActive: 1
--- !u!1 &1554327274591210
GameObject:
  m_ObjectHideFlags: 1
  m_PrefabParentObject: {fileID: 0}
  m_PrefabInternal: {fileID: 100100000}
  serializedVersion: 5
  m_Component:
  - component: {fileID: 4983454554619260}
  m_Layer: 0
  m_Name: MapRoot_Bip01_L_Finger2
  m_TagString: Untagged
  m_Icon: {fileID: 0}
  m_NavMeshLayer: 0
  m_StaticEditorFlags: 0
  m_IsActive: 1
--- !u!1 &1560926116335996
GameObject:
  m_ObjectHideFlags: 1
  m_PrefabParentObject: {fileID: 0}
  m_PrefabInternal: {fileID: 100100000}
  serializedVersion: 5
  m_Component:
  - component: {fileID: 4034945103996882}
  m_Layer: 0
  m_Name: MapRoot_Bip01_L_Finger1
  m_TagString: Untagged
  m_Icon: {fileID: 0}
  m_NavMeshLayer: 0
  m_StaticEditorFlags: 0
  m_IsActive: 1
--- !u!1 &1586084344127142
GameObject:
  m_ObjectHideFlags: 1
  m_PrefabParentObject: {fileID: 0}
  m_PrefabInternal: {fileID: 100100000}
  serializedVersion: 5
  m_Component:
  - component: {fileID: 4868920777208156}
  m_Layer: 0
  m_Name: MapRoot
  m_TagString: Untagged
  m_Icon: {fileID: 0}
  m_NavMeshLayer: 0
  m_StaticEditorFlags: 0
  m_IsActive: 1
--- !u!1 &1596594574938526
GameObject:
  m_ObjectHideFlags: 1
  m_PrefabParentObject: {fileID: 0}
  m_PrefabInternal: {fileID: 100100000}
  serializedVersion: 5
  m_Component:
  - component: {fileID: 4872363487816564}
  m_Layer: 0
  m_Name: MapRoot_Bip01_Spine2
  m_TagString: Untagged
  m_Icon: {fileID: 0}
  m_NavMeshLayer: 0
  m_StaticEditorFlags: 0
  m_IsActive: 1
--- !u!1 &1601884001319068
GameObject:
  m_ObjectHideFlags: 1
  m_PrefabParentObject: {fileID: 0}
  m_PrefabInternal: {fileID: 100100000}
  serializedVersion: 5
  m_Component:
  - component: {fileID: 4736200074639200}
  m_Layer: 0
  m_Name: MapRoot_m_16
  m_TagString: Untagged
  m_Icon: {fileID: 0}
  m_NavMeshLayer: 0
  m_StaticEditorFlags: 0
  m_IsActive: 1
--- !u!1 &1611653903054936
GameObject:
  m_ObjectHideFlags: 1
  m_PrefabParentObject: {fileID: 0}
  m_PrefabInternal: {fileID: 100100000}
  serializedVersion: 5
  m_Component:
  - component: {fileID: 4825133698610496}
  m_Layer: 0
  m_Name: MapRoot_Bip01_L_Finger02
  m_TagString: Untagged
  m_Icon: {fileID: 0}
  m_NavMeshLayer: 0
  m_StaticEditorFlags: 0
  m_IsActive: 1
--- !u!1 &1643886621972870
GameObject:
  m_ObjectHideFlags: 1
  m_PrefabParentObject: {fileID: 0}
  m_PrefabInternal: {fileID: 100100000}
  serializedVersion: 5
  m_Component:
  - component: {fileID: 4255133222034692}
  m_Layer: 0
  m_Name: MapRoot_Bip01_L_Calf
  m_TagString: Untagged
  m_Icon: {fileID: 0}
  m_NavMeshLayer: 0
  m_StaticEditorFlags: 0
  m_IsActive: 1
--- !u!1 &1645687302904730
GameObject:
  m_ObjectHideFlags: 1
  m_PrefabParentObject: {fileID: 0}
  m_PrefabInternal: {fileID: 100100000}
  serializedVersion: 5
  m_Component:
  - component: {fileID: 4300200457615748}
  m_Layer: 0
  m_Name: MapRoot_Bip01_L_Finger22
  m_TagString: Untagged
  m_Icon: {fileID: 0}
  m_NavMeshLayer: 0
  m_StaticEditorFlags: 0
  m_IsActive: 1
--- !u!1 &1670795617085538
GameObject:
  m_ObjectHideFlags: 1
  m_PrefabParentObject: {fileID: 0}
  m_PrefabInternal: {fileID: 100100000}
  serializedVersion: 5
  m_Component:
  - component: {fileID: 4051473964424868}
  m_Layer: 0
  m_Name: MapRoot_Bip01_R_Foot
  m_TagString: Untagged
  m_Icon: {fileID: 0}
  m_NavMeshLayer: 0
  m_StaticEditorFlags: 0
  m_IsActive: 1
--- !u!1 &1699200482686732
GameObject:
  m_ObjectHideFlags: 1
  m_PrefabParentObject: {fileID: 0}
  m_PrefabInternal: {fileID: 100100000}
  serializedVersion: 5
  m_Component:
  - component: {fileID: 4950560502917562}
  m_Layer: 0
  m_Name: MapRoot_Bip01_Head
  m_TagString: Untagged
  m_Icon: {fileID: 0}
  m_NavMeshLayer: 0
  m_StaticEditorFlags: 0
  m_IsActive: 1
--- !u!1 &1716354868470326
GameObject:
  m_ObjectHideFlags: 1
  m_PrefabParentObject: {fileID: 0}
  m_PrefabInternal: {fileID: 100100000}
  serializedVersion: 5
  m_Component:
  - component: {fileID: 4879535041359030}
  m_Layer: 0
  m_Name: MapRoot_Bip01_L_Hand
  m_TagString: Untagged
  m_Icon: {fileID: 0}
  m_NavMeshLayer: 0
  m_StaticEditorFlags: 0
  m_IsActive: 1
--- !u!1 &1759865456144706
GameObject:
  m_ObjectHideFlags: 1
  m_PrefabParentObject: {fileID: 0}
  m_PrefabInternal: {fileID: 100100000}
  serializedVersion: 5
  m_Component:
  - component: {fileID: 4844993214069920}
  m_Layer: 0
  m_Name: MapRoot_Bip01_Neck
  m_TagString: Untagged
  m_Icon: {fileID: 0}
  m_NavMeshLayer: 0
  m_StaticEditorFlags: 0
  m_IsActive: 1
--- !u!1 &1760022651683014
GameObject:
  m_ObjectHideFlags: 1
  m_PrefabParentObject: {fileID: 0}
  m_PrefabInternal: {fileID: 100100000}
  serializedVersion: 5
  m_Component:
  - component: {fileID: 4739018728441540}
  m_Layer: 0
  m_Name: MapRoot_Bip01_L_Foot
  m_TagString: Untagged
  m_Icon: {fileID: 0}
  m_NavMeshLayer: 0
  m_StaticEditorFlags: 0
  m_IsActive: 1
--- !u!1 &1791230507888612
GameObject:
  m_ObjectHideFlags: 1
  m_PrefabParentObject: {fileID: 0}
  m_PrefabInternal: {fileID: 100100000}
  serializedVersion: 5
  m_Component:
  - component: {fileID: 4577179319164314}
  m_Layer: 0
  m_Name: MapRoot_Bip01
  m_TagString: Untagged
  m_Icon: {fileID: 0}
  m_NavMeshLayer: 0
  m_StaticEditorFlags: 0
  m_IsActive: 1
--- !u!1 &1816993960803846
GameObject:
  m_ObjectHideFlags: 1
  m_PrefabParentObject: {fileID: 0}
  m_PrefabInternal: {fileID: 100100000}
  serializedVersion: 5
  m_Component:
  - component: {fileID: 4572912735150228}
  m_Layer: 0
  m_Name: MapRoot_Bip01_L_Finger11
  m_TagString: Untagged
  m_Icon: {fileID: 0}
  m_NavMeshLayer: 0
  m_StaticEditorFlags: 0
  m_IsActive: 1
--- !u!1 &1858603138915862
GameObject:
  m_ObjectHideFlags: 1
  m_PrefabParentObject: {fileID: 0}
  m_PrefabInternal: {fileID: 100100000}
  serializedVersion: 5
  m_Component:
  - component: {fileID: 4824062202700248}
  m_Layer: 0
  m_Name: MapRoot_Bip01_R_ForeTwist1
  m_TagString: Untagged
  m_Icon: {fileID: 0}
  m_NavMeshLayer: 0
  m_StaticEditorFlags: 0
  m_IsActive: 1
--- !u!1 &1938615820367316
GameObject:
  m_ObjectHideFlags: 1
  m_PrefabParentObject: {fileID: 0}
  m_PrefabInternal: {fileID: 100100000}
  serializedVersion: 5
  m_Component:
  - component: {fileID: 4007634851527870}
  m_Layer: 0
  m_Name: MapRoot_Bip01_R_Thigh
  m_TagString: Untagged
  m_Icon: {fileID: 0}
  m_NavMeshLayer: 0
  m_StaticEditorFlags: 0
  m_IsActive: 1
--- !u!1 &1949203308273920
GameObject:
  m_ObjectHideFlags: 1
  m_PrefabParentObject: {fileID: 0}
  m_PrefabInternal: {fileID: 100100000}
  serializedVersion: 5
  m_Component:
  - component: {fileID: 4330784078510088}
  m_Layer: 0
  m_Name: MapRoot_Bip01_Spine
  m_TagString: Untagged
  m_Icon: {fileID: 0}
  m_NavMeshLayer: 0
  m_StaticEditorFlags: 0
  m_IsActive: 1
--- !u!4 &4007634851527870
Transform:
  m_ObjectHideFlags: 1
  m_PrefabParentObject: {fileID: 0}
  m_PrefabInternal: {fileID: 100100000}
  m_GameObject: {fileID: 1938615820367316}
  m_LocalRotation: {x: -0.31045794, y: 0.9414504, z: -0.11424216, w: -0.06508296}
  m_LocalPosition: {x: 0.080570646, y: 0.07121774, z: -0.119675726}
  m_LocalScale: {x: 0.9999975, y: 1.0000021, z: 1.0000002}
  m_Children:
  - {fileID: 4272837044023286}
  m_Father: {fileID: 4330784078510088}
  m_RootOrder: 1
  m_LocalEulerAnglesHint: {x: 0, y: 0, z: 0}
--- !u!4 &4034945103996882
Transform:
  m_ObjectHideFlags: 1
  m_PrefabParentObject: {fileID: 0}
  m_PrefabInternal: {fileID: 100100000}
  m_GameObject: {fileID: 1560926116335996}
  m_LocalRotation: {x: 0.012372832, y: -0.041829877, z: -0.29207718, w: 0.95539945}
  m_LocalPosition: {x: -0.10529447, y: -0.0002697, z: -0.039369598}
  m_LocalScale: {x: 1.0000006, y: 0.9999991, z: 0.99999964}
  m_Children:
  - {fileID: 4572912735150228}
  m_Father: {fileID: 4879535041359030}
  m_RootOrder: 1
  m_LocalEulerAnglesHint: {x: 0, y: 0, z: 0}
--- !u!4 &4041039478894478
Transform:
  m_ObjectHideFlags: 1
  m_PrefabParentObject: {fileID: 0}
  m_PrefabInternal: {fileID: 100100000}
  m_GameObject: {fileID: 1066043306708272}
  m_LocalRotation: {x: 0.78767, y: -0.034288894, z: -0.03201003, w: 0.61430913}
  m_LocalPosition: {x: -0.32134086, y: 5.2295944e-13, z: 0.00000003999836}
  m_LocalScale: {x: 0.9999997, y: 1.0000156, z: 0.99998605}
  m_Children:
  - {fileID: 4338114129838462}
  - {fileID: 4373437423945340}
  - {fileID: 4446656339609822}
  - {fileID: 4736200074639200}
  m_Father: {fileID: 4420063035405508}
  m_RootOrder: 0
  m_LocalEulerAnglesHint: {x: 0, y: 0, z: 0}
--- !u!4 &4051473964424868
Transform:
  m_ObjectHideFlags: 1
  m_PrefabParentObject: {fileID: 0}
  m_PrefabInternal: {fileID: 100100000}
  m_GameObject: {fileID: 1670795617085538}
  m_LocalRotation: {x: -0.055675965, y: -0.0769878, z: -0.2509891, w: 0.9633159}
  m_LocalPosition: {x: -0.45053518, y: 0.000000029999992, z: -0.00000007000002}
  m_LocalScale: {x: 0.99999887, y: 1.000001, z: 0.9999988}
  m_Children:
  - {fileID: 4773245329255000}
  m_Father: {fileID: 4272837044023286}
  m_RootOrder: 0
  m_LocalEulerAnglesHint: {x: 0, y: 0, z: 0}
--- !u!4 &4065645926435004
Transform:
  m_ObjectHideFlags: 1
  m_PrefabParentObject: {fileID: 0}
  m_PrefabInternal: {fileID: 100100000}
  m_GameObject: {fileID: 1178566049957216}
  m_LocalRotation: {x: 0, y: -0, z: -0.18223496, w: 0.983255}
  m_LocalPosition: {x: -0.039622158, y: -0.000000049999947, z: -0.00000008}
  m_LocalScale: {x: 1.0000002, y: 1.0000012, z: 1}
  m_Children:
  - {fileID: 4825133698610496}
  m_Father: {fileID: 4950744332464698}
  m_RootOrder: 0
  m_LocalEulerAnglesHint: {x: 0, y: 0, z: 0}
--- !u!4 &4134195899540140
Transform:
  m_ObjectHideFlags: 1
  m_PrefabParentObject: {fileID: 0}
  m_PrefabInternal: {fileID: 100100000}
  m_GameObject: {fileID: 1456071643045288}
  m_LocalRotation: {x: -0.09348707, y: -0.013845157, z: 0.027340895, w: 0.9951487}
  m_LocalPosition: {x: -0.123334795, y: -0.000109559995, z: 0.00002087}
  m_LocalScale: {x: 1.0000005, y: 0.99999976, z: 1}
  m_Children:
  - {fileID: 4872363487816564}
  m_Father: {fileID: 4330784078510088}
  m_RootOrder: 2
  m_LocalEulerAnglesHint: {x: 0, y: 0, z: 0}
--- !u!4 &4141690093192566
Transform:
  m_ObjectHideFlags: 1
  m_PrefabParentObject: {fileID: 0}
  m_PrefabInternal: {fileID: 100100000}
  m_GameObject: {fileID: 1527082164447350}
  m_LocalRotation: {x: 0, y: -0, z: -0.56640595, w: 0.82412636}
  m_LocalPosition: {x: -0.02714692, y: 0.00000013000002, z: -0.00000004}
  m_LocalScale: {x: 1.000001, y: 0.9999987, z: 1}
  m_Children: []
  m_Father: {fileID: 4919615033883256}
  m_RootOrder: 0
  m_LocalEulerAnglesHint: {x: 0, y: 0, z: 0}
--- !u!4 &4158956139249944
Transform:
  m_ObjectHideFlags: 1
  m_PrefabParentObject: {fileID: 0}
  m_PrefabInternal: {fileID: 100100000}
  m_GameObject: {fileID: 1401069288247092}
  m_LocalRotation: {x: -0.46328685, y: 0.87232727, z: 0.15379976, w: 0.027497007}
  m_LocalPosition: {x: 0.12387497, y: 0.017580308, z: 0.12850384}
  m_LocalScale: {x: 0.9999979, y: 1.0000027, z: 1.0000001}
  m_Children:
  - {fileID: 4255133222034692}
  m_Father: {fileID: 4330784078510088}
  m_RootOrder: 0
  m_LocalEulerAnglesHint: {x: 0, y: 0, z: 0}
--- !u!4 &4174626607815224
Transform:
  m_ObjectHideFlags: 1
  m_PrefabParentObject: {fileID: 0}
  m_PrefabInternal: {fileID: 100100000}
  m_GameObject: {fileID: 1008437256198028}
  m_LocalRotation: {x: 0, y: 0, z: -0.7071072, w: 0.70710635}
  m_LocalPosition: {x: -0.146564, y: 0.16195346, z: 0.00000002}
  m_LocalScale: {x: 1.000001, y: 0.99999905, z: 1}
  m_Children: []
  m_Father: {fileID: 4739018728441540}
  m_RootOrder: 0
  m_LocalEulerAnglesHint: {x: 0, y: 0, z: 0}
--- !u!4 &4255133222034692
Transform:
  m_ObjectHideFlags: 1
  m_PrefabParentObject: {fileID: 0}
  m_PrefabInternal: {fileID: 100100000}
  m_GameObject: {fileID: 1643886621972870}
  m_LocalRotation: {x: 0, y: 0, z: 0.46380016, w: 0.8859399}
  m_LocalPosition: {x: -0.43528137, y: -2.2737367e-15, z: 0}
  m_LocalScale: {x: 0.99999785, y: 1.0000023, z: 1}
  m_Children:
  - {fileID: 4739018728441540}
  m_Father: {fileID: 4158956139249944}
  m_RootOrder: 0
  m_LocalEulerAnglesHint: {x: 0, y: 0, z: 0}
--- !u!4 &4272837044023286
Transform:
  m_ObjectHideFlags: 1
  m_PrefabParentObject: {fileID: 0}
  m_PrefabInternal: {fileID: 100100000}
  m_GameObject: {fileID: 1116568203310784}
  m_LocalRotation: {x: 0, y: 0, z: 0.406619, w: 0.9135978}
  m_LocalPosition: {x: -0.43528125, y: -1.1368684e-15, z: 0.000000049999997}
  m_LocalScale: {x: 0.9999968, y: 1.0000018, z: 1}
  m_Children:
  - {fileID: 4051473964424868}
  m_Father: {fileID: 4007634851527870}
  m_RootOrder: 0
  m_LocalEulerAnglesHint: {x: 0, y: 0, z: 0}
--- !u!4 &4273205644602628
Transform:
  m_ObjectHideFlags: 1
  m_PrefabParentObject: {fileID: 0}
  m_PrefabInternal: {fileID: 100100000}
  m_GameObject: {fileID: 1449966759878314}
  m_LocalRotation: {x: 0, y: -0, z: -0, w: 1}
  m_LocalPosition: {x: -0, y: 0, z: 0}
  m_LocalScale: {x: 1, y: 1, z: 1}
  m_Children:
  - {fileID: 4868920777208156}
  m_Father: {fileID: 4321428117425972}
  m_RootOrder: 1
  m_LocalEulerAnglesHint: {x: 0, y: 0, z: 0}
--- !u!4 &4287523203990874
Transform:
  m_ObjectHideFlags: 1
  m_PrefabParentObject: {fileID: 0}
  m_PrefabInternal: {fileID: 100100000}
  m_GameObject: {fileID: 1049343284512120}
  m_LocalRotation: {x: 0, y: -0, z: -0.29237232, w: 0.95630455}
  m_LocalPosition: {x: -0.02895134, y: 0.00000015000003, z: 0.00000009}
  m_LocalScale: {x: 1.0000002, y: 1.0000002, z: 1}
  m_Children: []
  m_Father: {fileID: 4572912735150228}
  m_RootOrder: 0
  m_LocalEulerAnglesHint: {x: 0, y: 0, z: 0}
--- !u!4 &4289025233175730
Transform:
  m_ObjectHideFlags: 1
  m_PrefabParentObject: {fileID: 0}
  m_PrefabInternal: {fileID: 100100000}
  m_GameObject: {fileID: 1550466483178924}
  m_LocalRotation: {x: 0, y: -0, z: -0.22495098, w: 0.9743701}
  m_LocalPosition: {x: -0.028951509, y: -3.6379787e-14, z: -0.00000007}
  m_LocalScale: {x: 0.9999999, y: 0.9999999, z: 1}
  m_Children: []
  m_Father: {fileID: 4836256361509438}
  m_RootOrder: 0
  m_LocalEulerAnglesHint: {x: 0, y: 0, z: 0}
--- !u!4 &4300200457615748
Transform:
  m_ObjectHideFlags: 1
  m_PrefabParentObject: {fileID: 0}
  m_PrefabInternal: {fileID: 100100000}
  m_GameObject: {fileID: 1645687302904730}
  m_LocalRotation: {x: 0, y: -0, z: -0.30070603, w: 0.9537169}
  m_LocalPosition: {x: -0.027147058, y: -0.000000109999945, z: 0.000000049999997}
  m_LocalScale: {x: 1.0000002, y: 1.0000002, z: 1}
  m_Children: []
  m_Father: {fileID: 4911659675474846}
  m_RootOrder: 0
  m_LocalEulerAnglesHint: {x: 0, y: 0, z: 0}
--- !u!4 &4321428117425972
Transform:
  m_ObjectHideFlags: 1
  m_PrefabParentObject: {fileID: 0}
  m_PrefabInternal: {fileID: 100100000}
  m_GameObject: {fileID: 1432672882935480}
  m_LocalRotation: {x: 0, y: 1, z: 0, w: 0}
  m_LocalPosition: {x: 0, y: 0, z: 5}
  m_LocalScale: {x: 1, y: 1, z: 1}
  m_Children:
  - {fileID: 4613543160337584}
  - {fileID: 4273205644602628}
  - {fileID: 4917692577830048}
  m_Father: {fileID: 0}
  m_RootOrder: 0
  m_LocalEulerAnglesHint: {x: 0, y: 180, z: 0}
--- !u!4 &4330784078510088
Transform:
  m_ObjectHideFlags: 1
  m_PrefabParentObject: {fileID: 0}
  m_PrefabInternal: {fileID: 100100000}
  m_GameObject: {fileID: 1949203308273920}
  m_LocalRotation: {x: -0.11721097, y: -0.06709212, z: -0.15719119, w: 0.97828996}
  m_LocalPosition: {x: -0.11018775, y: -0.01225865, z: -0.01219318}
  m_LocalScale: {x: 0.99999976, y: 1.0000001, z: 0.9999995}
  m_Children:
  - {fileID: 4158956139249944}
  - {fileID: 4007634851527870}
  - {fileID: 4134195899540140}
  m_Father: {fileID: 4540670414553192}
  m_RootOrder: 0
  m_LocalEulerAnglesHint: {x: 0, y: 0, z: 0}
--- !u!4 &4338114129838462
Transform:
  m_ObjectHideFlags: 1
  m_PrefabParentObject: {fileID: 0}
  m_PrefabInternal: {fileID: 100100000}
  m_GameObject: {fileID: 1194459641205924}
  m_LocalRotation: {x: -0.6206301, y: 0.24344707, z: 0.2416771, w: 0.7050844}
  m_LocalPosition: {x: -0.02994755, y: 0.01968113, z: 0.04706045}
  m_LocalScale: {x: 1.0000072, y: 1.0000161, z: 0.99997866}
  m_Children:
  - {fileID: 4842344724052532}
  m_Father: {fileID: 4041039478894478}
  m_RootOrder: 0
  m_LocalEulerAnglesHint: {x: 0, y: 0, z: 0}
--- !u!4 &4373437423945340
Transform:
  m_ObjectHideFlags: 1
  m_PrefabParentObject: {fileID: 0}
  m_PrefabInternal: {fileID: 100100000}
  m_GameObject: {fileID: 1336309949759030}
  m_LocalRotation: {x: -0.006053955, y: 0.04319903, z: -0.14765202, w: 0.988077}
  m_LocalPosition: {x: -0.10529462, y: -0.00026989, z: 0.03936958}
  m_LocalScale: {x: 1.0000015, y: 0.9999984, z: 0.99999976}
  m_Children:
  - {fileID: 4836256361509438}
  m_Father: {fileID: 4041039478894478}
  m_RootOrder: 1
  m_LocalEulerAnglesHint: {x: 0, y: 0, z: 0}
--- !u!4 &4420063035405508
Transform:
  m_ObjectHideFlags: 1
  m_PrefabParentObject: {fileID: 0}
  m_PrefabInternal: {fileID: 100100000}
  m_GameObject: {fileID: 1545569574553240}
  m_LocalRotation: {x: 0, y: 0, z: 0.8576331, w: 0.5142621}
  m_LocalPosition: {x: -0.33552426, y: 0, z: 0.00000004}
  m_LocalScale: {x: 1.0000006, y: 0.99999833, z: 1}
  m_Children:
  - {fileID: 4041039478894478}
  m_Father: {fileID: 4623047548765652}
  m_RootOrder: 0
  m_LocalEulerAnglesHint: {x: 0, y: 0, z: 0}
--- !u!4 &4446656339609822
Transform:
  m_ObjectHideFlags: 1
  m_PrefabParentObject: {fileID: 0}
  m_PrefabInternal: {fileID: 100100000}
  m_GameObject: {fileID: 1488786033731924}
  m_LocalRotation: {x: 0.00037202792, y: 0.00014299917, z: -0.35836804, w: 0.93358034}
  m_LocalPosition: {x: -0.10531446, y: -0.000105499996, z: -0.01382606}
  m_LocalScale: {x: 1.0000015, y: 0.9999997, z: 1.0000002}
  m_Children:
  - {fileID: 4919615033883256}
  m_Father: {fileID: 4041039478894478}
  m_RootOrder: 2
  m_LocalEulerAnglesHint: {x: 0, y: 0, z: 0}
--- !u!4 &4499386353886830
Transform:
  m_ObjectHideFlags: 1
  m_PrefabParentObject: {fileID: 0}
  m_PrefabInternal: {fileID: 100100000}
  m_GameObject: {fileID: 1229248274192782}
  m_LocalRotation: {x: -0.24988817, y: -0.23977903, z: 0.6495149, w: 0.676899}
  m_LocalPosition: {x: -0.33552426, y: 0.000000040000003, z: -0.00000030000007}
  m_LocalScale: {x: 1.0000001, y: 1.0000033, z: 0.9999962}
  m_Children:
  - {fileID: 4681577471835840}
  m_Father: {fileID: 4590831974823806}
  m_RootOrder: 1
  m_LocalEulerAnglesHint: {x: 0, y: 0, z: 0}
--- !u!4 &4500606209734284
Transform:
  m_ObjectHideFlags: 1
  m_PrefabParentObject: {fileID: 0}
  m_PrefabInternal: {fileID: 100100000}
  m_GameObject: {fileID: 1199110791272574}
  m_LocalRotation: {x: 0, y: -0, z: -0.25881925, w: 0.9659258}
  m_LocalPosition: {x: -0.03467228, y: -0.00000005999996, z: 0.00000006}
  m_LocalScale: {x: 0.99999976, y: 0.99999976, z: 1}
  m_Children: []
  m_Father: {fileID: 4842344724052532}
  m_RootOrder: 0
  m_LocalEulerAnglesHint: {x: 0, y: 0, z: 0}
--- !u!4 &4540670414553192
Transform:
  m_ObjectHideFlags: 1
  m_PrefabParentObject: {fileID: 0}
  m_PrefabInternal: {fileID: 100100000}
  m_GameObject: {fileID: 1121580789854906}
  m_LocalRotation: {x: 0.5268309, y: -0.52683014, z: -0.47164607, w: -0.4716452}
  m_LocalPosition: {x: -0, y: 0, z: 0}
  m_LocalScale: {x: 0.9999999, y: 1.000001, z: 0.9999977}
  m_Children:
  - {fileID: 4330784078510088}
  m_Father: {fileID: 4577179319164314}
  m_RootOrder: 0
  m_LocalEulerAnglesHint: {x: 0, y: 0, z: 0}
--- !u!4 &4572912735150228
Transform:
  m_ObjectHideFlags: 1
  m_PrefabParentObject: {fileID: 0}
  m_PrefabInternal: {fileID: 100100000}
  m_GameObject: {fileID: 1816993960803846}
  m_LocalRotation: {x: 0, y: -0, z: -0.29237232, w: 0.95630455}
  m_LocalPosition: {x: -0.04599327, y: 0.00000014999999, z: 0}
  m_LocalScale: {x: 1.0000002, y: 1.0000002, z: 1}
  m_Children:
  - {fileID: 4287523203990874}
  m_Father: {fileID: 4034945103996882}
  m_RootOrder: 0
  m_LocalEulerAnglesHint: {x: 0, y: 0, z: 0}
--- !u!4 &4577179319164314
Transform:
  m_ObjectHideFlags: 1
  m_PrefabParentObject: {fileID: 0}
  m_PrefabInternal: {fileID: 100100000}
  m_GameObject: {fileID: 1791230507888612}
  m_LocalRotation: {x: -0.49834222, y: 0.501062, z: 0.4997881, w: 0.5008032}
  m_LocalPosition: {x: -0.024283819, y: 0.9351748, z: -0.00026841162}
  m_LocalScale: {x: 1, y: 1.0000015, z: 0.9999995}
  m_Children:
  - {fileID: 4540670414553192}
  m_Father: {fileID: 4868920777208156}
  m_RootOrder: 0
  m_LocalEulerAnglesHint: {x: 0, y: 0, z: 0}
--- !u!4 &4590831974823806
Transform:
  m_ObjectHideFlags: 1
  m_PrefabParentObject: {fileID: 0}
  m_PrefabInternal: {fileID: 100100000}
  m_GameObject: {fileID: 1185198212150320}
  m_LocalRotation: {x: 0.029322067, y: -0.3186271, z: 0.30086908, w: 0.8983846}
  m_LocalPosition: {x: -0.16280742, y: -2.3980818e-15, z: -0.00000014999999}
  m_LocalScale: {x: 1.0000027, y: 1.0000001, z: 0.9999962}
  m_Children:
  - {fileID: 4597262115322832}
  - {fileID: 4499386353886830}
  m_Father: {fileID: 4679806756727860}
  m_RootOrder: 0
  m_LocalEulerAnglesHint: {x: 0, y: 0, z: 0}
--- !u!4 &4597262115322832
Transform:
  m_ObjectHideFlags: 1
  m_PrefabParentObject: {fileID: 0}
  m_PrefabInternal: {fileID: 100100000}
  m_GameObject: {fileID: 1084243518711736}
  m_LocalRotation: {x: 0, y: 0, z: 0.69236094, w: 0.72155136}
  m_LocalPosition: {x: -0.33552426, y: 0.00000003999999, z: -0.00000029999998}
  m_LocalScale: {x: 1.0000001, y: 1.0000001, z: 1}
  m_Children:
  - {fileID: 4879535041359030}
  m_Father: {fileID: 4590831974823806}
  m_RootOrder: 0
  m_LocalEulerAnglesHint: {x: 0, y: 0, z: 0}
--- !u!4 &4613543160337584
Transform:
  m_ObjectHideFlags: 1
  m_PrefabParentObject: {fileID: 0}
  m_PrefabInternal: {fileID: 100100000}
  m_GameObject: {fileID: 1469991414810224}
  m_LocalRotation: {x: 0, y: -0, z: -0, w: 1}
  m_LocalPosition: {x: -0, y: 0, z: 0}
  m_LocalScale: {x: 1, y: 1, z: 1}
  m_Children: []
  m_Father: {fileID: 4321428117425972}
  m_RootOrder: 0
  m_LocalEulerAnglesHint: {x: 0, y: 0, z: 0}
--- !u!4 &4623047548765652
Transform:
  m_ObjectHideFlags: 1
  m_PrefabParentObject: {fileID: 0}
  m_PrefabInternal: {fileID: 100100000}
  m_GameObject: {fileID: 1375752245232372}
  m_LocalRotation: {x: -0.18661289, y: 0.39620897, z: 0.19095708, w: 0.8784813}
  m_LocalPosition: {x: -0.16280739, y: 0.00000008000013, z: -0.00000015}
  m_LocalScale: {x: 1.0000063, y: 1, z: 0.999993}
  m_Children:
  - {fileID: 4420063035405508}
  - {fileID: 4785977509224938}
  m_Father: {fileID: 4919047304787732}
  m_RootOrder: 0
  m_LocalEulerAnglesHint: {x: 0, y: 0, z: 0}
--- !u!4 &4679806756727860
Transform:
  m_ObjectHideFlags: 1
  m_PrefabParentObject: {fileID: 0}
  m_PrefabInternal: {fileID: 100100000}
  m_GameObject: {fileID: 1496852753669036}
  m_LocalRotation: {x: 0.69949627, y: -0.12853949, z: -0.6599159, w: 0.24226777}
  m_LocalPosition: {x: 0.058151543, y: 0.03233483, z: 0.0390456}
  m_LocalScale: {x: 1.0000054, y: 1.0000015, z: 0.99999475}
  m_Children:
  - {fileID: 4590831974823806}
  m_Father: {fileID: 4844993214069920}
  m_RootOrder: 1
  m_LocalEulerAnglesHint: {x: 0, y: 0, z: 0}
--- !u!4 &4681577471835840
Transform:
  m_ObjectHideFlags: 1
  m_PrefabParentObject: {fileID: 0}
  m_PrefabInternal: {fileID: 100100000}
  m_GameObject: {fileID: 1202841666961854}
  m_LocalRotation: {x: -0.34632087, y: 0, z: -0, w: 0.93811613}
  m_LocalPosition: {x: -0.1606703, y: -4.5474734e-15, z: -0.00000014999999}
  m_LocalScale: {x: 1, y: 1.0000042, z: 0.99999774}
  m_Children: []
  m_Father: {fileID: 4499386353886830}
  m_RootOrder: 0
  m_LocalEulerAnglesHint: {x: 0, y: 0, z: 0}
--- !u!4 &4736200074639200
Transform:
  m_ObjectHideFlags: 1
  m_PrefabParentObject: {fileID: 0}
  m_PrefabInternal: {fileID: 100100000}
  m_GameObject: {fileID: 1601884001319068}
  m_LocalRotation: {x: 0.00809782, y: 0.039418202, z: -0.44331896, w: 0.8954602}
  m_LocalPosition: {x: -0.114366, y: 0.059497207, z: -0.0074965}
  m_LocalScale: {x: 1.0000012, y: 0.99999803, z: 1.0000006}
  m_Children: []
  m_Father: {fileID: 4041039478894478}
  m_RootOrder: 3
  m_LocalEulerAnglesHint: {x: 0, y: 0, z: 0}
--- !u!4 &4739018728441540
Transform:
  m_ObjectHideFlags: 1
  m_PrefabParentObject: {fileID: 0}
  m_PrefabInternal: {fileID: 100100000}
  m_GameObject: {fileID: 1760022651683014}
  m_LocalRotation: {x: -0.108864106, y: 0.0097920755, z: -0.15046929, w: 0.98255366}
  m_LocalPosition: {x: -0.45053515, y: 2.2737367e-15, z: 0.000000020000002}
  m_LocalScale: {x: 0.9999987, y: 0.99999994, z: 0.99999934}
  m_Children:
  - {fileID: 4174626607815224}
  m_Father: {fileID: 4255133222034692}
  m_RootOrder: 0
  m_LocalEulerAnglesHint: {x: 0, y: 0, z: 0}
--- !u!4 &4773245329255000
Transform:
  m_ObjectHideFlags: 1
  m_PrefabParentObject: {fileID: 0}
  m_PrefabInternal: {fileID: 100100000}
  m_GameObject: {fileID: 1502306603800694}
  m_LocalRotation: {x: 0, y: 0, z: -0.7071072, w: 0.70710635}
  m_LocalPosition: {x: -0.14656399, y: 0.1619534, z: 0.00000001}
  m_LocalScale: {x: 0.999997, y: 1.000003, z: 1}
  m_Children: []
  m_Father: {fileID: 4051473964424868}
  m_RootOrder: 0
  m_LocalEulerAnglesHint: {x: 0, y: 0, z: 0}
--- !u!4 &4785977509224938
Transform:
  m_ObjectHideFlags: 1
  m_PrefabParentObject: {fileID: 0}
  m_PrefabInternal: {fileID: 100100000}
  m_GameObject: {fileID: 1397911960074268}
  m_LocalRotation: {x: 0.021142118, y: 0.03526011, z: 0.856908, w: 0.51382715}
  m_LocalPosition: {x: -0.33552426, y: -1.2363444e-14, z: 0.000000040000035}
  m_LocalScale: {x: 1.0000012, y: 0.9999972, z: 0.9999994}
  m_Children:
  - {fileID: 4824062202700248}
  m_Father: {fileID: 4623047548765652}
  m_RootOrder: 1
  m_LocalEulerAnglesHint: {x: 0, y: 0, z: 0}
--- !u!4 &4824062202700248
Transform:
  m_ObjectHideFlags: 1
  m_PrefabParentObject: {fileID: 0}
  m_PrefabInternal: {fileID: 100100000}
  m_GameObject: {fileID: 1858603138915862}
  m_LocalRotation: {x: 0.04111322, y: -0, z: -0, w: 0.9991545}
  m_LocalPosition: {x: -0.16067041, y: 0.000000010000001, z: 0.00000014999983}
  m_LocalScale: {x: 1, y: 1.0000017, z: 1.0000006}
  m_Children: []
  m_Father: {fileID: 4785977509224938}
  m_RootOrder: 0
  m_LocalEulerAnglesHint: {x: 0, y: 0, z: 0}
--- !u!4 &4825133698610496
Transform:
  m_ObjectHideFlags: 1
  m_PrefabParentObject: {fileID: 0}
  m_PrefabInternal: {fileID: 100100000}
  m_GameObject: {fileID: 1611653903054936}
  m_LocalRotation: {x: 0, y: -0, z: -0.113203235, w: 0.9935719}
  m_LocalPosition: {x: -0.03467237, y: 0.00000001000004, z: 0}
  m_LocalScale: {x: 1, y: 1, z: 1}
  m_Children: []
  m_Father: {fileID: 4065645926435004}
  m_RootOrder: 0
  m_LocalEulerAnglesHint: {x: 0, y: 0, z: 0}
--- !u!4 &4836256361509438
Transform:
  m_ObjectHideFlags: 1
  m_PrefabParentObject: {fileID: 0}
  m_PrefabInternal: {fileID: 100100000}
  m_GameObject: {fileID: 1329849855867910}
  m_LocalRotation: {x: 0, y: -0, z: -0.29237303, w: 0.9563044}
  m_LocalPosition: {x: -0.04599318, y: -0.00000012999999, z: 0.00000009}
  m_LocalScale: {x: 1.0000014, y: 1, z: 1}
  m_Children:
  - {fileID: 4289025233175730}
  m_Father: {fileID: 4373437423945340}
  m_RootOrder: 0
  m_LocalEulerAnglesHint: {x: 0, y: 0, z: 0}
--- !u!4 &4842344724052532
Transform:
  m_ObjectHideFlags: 1
  m_PrefabParentObject: {fileID: 0}
  m_PrefabInternal: {fileID: 100100000}
  m_GameObject: {fileID: 1516188207927694}
  m_LocalRotation: {x: 0, y: -0, z: -0.1650481, w: 0.9862855}
  m_LocalPosition: {x: -0.039621998, y: 0.00000008, z: -0.000000020000007}
  m_LocalScale: {x: 0.99999976, y: 0.99999976, z: 1}
  m_Children:
  - {fileID: 4500606209734284}
  m_Father: {fileID: 4338114129838462}
  m_RootOrder: 0
  m_LocalEulerAnglesHint: {x: 0, y: 0, z: 0}
--- !u!4 &4844993214069920
Transform:
  m_ObjectHideFlags: 1
  m_PrefabParentObject: {fileID: 0}
  m_PrefabInternal: {fileID: 100100000}
  m_GameObject: {fileID: 1759865456144706}
  m_LocalRotation: {x: 0.3067661, y: 0.053526033, z: -0.08332808, w: 0.9466182}
  m_LocalPosition: {x: -0.2546212, y: 0.00023421999, z: -0.000023720004}
  m_LocalScale: {x: 1.0000002, y: 1.0000027, z: 0.99999845}
  m_Children:
  - {fileID: 4950560502917562}
  - {fileID: 4679806756727860}
  - {fileID: 4919047304787732}
  m_Father: {fileID: 4872363487816564}
  m_RootOrder: 0
  m_LocalEulerAnglesHint: {x: 0, y: 0, z: 0}
--- !u!4 &4868920777208156
Transform:
  m_ObjectHideFlags: 1
  m_PrefabParentObject: {fileID: 0}
  m_PrefabInternal: {fileID: 100100000}
  m_GameObject: {fileID: 1586084344127142}
  m_LocalRotation: {x: 0, y: -0, z: -0, w: 1}
  m_LocalPosition: {x: -0, y: 0, z: 0}
  m_LocalScale: {x: 1, y: 1, z: 1}
  m_Children:
  - {fileID: 4577179319164314}
  m_Father: {fileID: 4273205644602628}
  m_RootOrder: 0
  m_LocalEulerAnglesHint: {x: 0, y: 0, z: 0}
--- !u!4 &4872363487816564
Transform:
  m_ObjectHideFlags: 1
  m_PrefabParentObject: {fileID: 0}
  m_PrefabInternal: {fileID: 100100000}
  m_GameObject: {fileID: 1596594574938526}
  m_LocalRotation: {x: -0.08684101, y: -0.03599781, z: -0.14025007, w: 0.9856433}
  m_LocalPosition: {x: -0.14033653, y: -0.00017426003, z: 0.00002967}
  m_LocalScale: {x: 0.9999997, y: 1, z: 1.0000004}
  m_Children:
  - {fileID: 4844993214069920}
  m_Father: {fileID: 4134195899540140}
  m_RootOrder: 0
  m_LocalEulerAnglesHint: {x: 0, y: 0, z: 0}
--- !u!4 &4879535041359030
Transform:
  m_ObjectHideFlags: 1
  m_PrefabParentObject: {fileID: 0}
  m_PrefabInternal: {fileID: 100100000}
  m_GameObject: {fileID: 1716354868470326}
  m_LocalRotation: {x: 0.95470154, y: 0.08264332, z: 0.07521611, w: 0.27578545}
  m_LocalPosition: {x: -0.3213409, y: 0.00000005999925, z: -0.00000039000042}
  m_LocalScale: {x: 0.9999999, y: 1.0000038, z: 0.9999954}
  m_Children:
  - {fileID: 4950744332464698}
  - {fileID: 4034945103996882}
  - {fileID: 4983454554619260}
  m_Father: {fileID: 4597262115322832}
  m_RootOrder: 0
  m_LocalEulerAnglesHint: {x: 0, y: 0, z: 0}
--- !u!4 &4911659675474846
Transform:
  m_ObjectHideFlags: 1
  m_PrefabParentObject: {fileID: 0}
  m_PrefabInternal: {fileID: 100100000}
  m_GameObject: {fileID: 1530326367555522}
  m_LocalRotation: {x: 0, y: -0, z: -0.30070603, w: 0.9537169}
  m_LocalPosition: {x: -0.03648224, y: 0, z: -0.00000006}
  m_LocalScale: {x: 1.0000002, y: 1.0000002, z: 1}
  m_Children:
  - {fileID: 4300200457615748}
  m_Father: {fileID: 4983454554619260}
  m_RootOrder: 0
  m_LocalEulerAnglesHint: {x: 0, y: 0, z: 0}
--- !u!4 &4917692577830048
Transform:
  m_ObjectHideFlags: 1
  m_PrefabParentObject: {fileID: 0}
  m_PrefabInternal: {fileID: 100100000}
  m_GameObject: {fileID: 1316453922449726}
  m_LocalRotation: {x: 0, y: -0, z: -0, w: 1}
  m_LocalPosition: {x: -0, y: 0, z: 0}
  m_LocalScale: {x: 1, y: 1, z: 1}
  m_Children: []
  m_Father: {fileID: 4321428117425972}
  m_RootOrder: 2
  m_LocalEulerAnglesHint: {x: 0, y: 0, z: 0}
--- !u!4 &4919047304787732
Transform:
  m_ObjectHideFlags: 1
  m_PrefabParentObject: {fileID: 0}
  m_PrefabInternal: {fileID: 100100000}
  m_GameObject: {fileID: 1470574528073032}
  m_LocalRotation: {x: 0.6150331, y: 0.23420012, z: 0.7469292, w: 0.09477006}
  m_LocalPosition: {x: 0.07067602, y: -0.014642739, z: -0.027171187}
  m_LocalScale: {x: 1.000011, y: 1.0000027, z: 0.99998784}
  m_Children:
  - {fileID: 4623047548765652}
  m_Father: {fileID: 4844993214069920}
  m_RootOrder: 2
  m_LocalEulerAnglesHint: {x: 0, y: 0, z: 0}
--- !u!4 &4919615033883256
Transform:
  m_ObjectHideFlags: 1
  m_PrefabParentObject: {fileID: 0}
  m_PrefabInternal: {fileID: 100100000}
  m_GameObject: {fileID: 1400145797965160}
  m_LocalRotation: {x: 0, y: -0, z: -0.61566186, w: 0.7880105}
  m_LocalPosition: {x: -0.03648216, y: -0.000000020000003, z: -0.00000001}
  m_LocalScale: {x: 1.0000011, y: 0.9999991, z: 1}
  m_Children:
  - {fileID: 4141690093192566}
  m_Father: {fileID: 4446656339609822}
  m_RootOrder: 0
  m_LocalEulerAnglesHint: {x: 0, y: 0, z: 0}
--- !u!4 &4950560502917562
Transform:
  m_ObjectHideFlags: 1
  m_PrefabParentObject: {fileID: 0}
  m_PrefabInternal: {fileID: 100100000}
  m_GameObject: {fileID: 1699200482686732}
  m_LocalRotation: {x: 0.01925616, y: 0.044503152, z: 0.19346304, w: 0.9799086}
  m_LocalPosition: {x: -0.052077338, y: 0.00000007999988, z: -0.000000020000083}
  m_LocalScale: {x: 0.99999976, y: 1.0000005, z: 1.0000008}
  m_Children: []
  m_Father: {fileID: 4844993214069920}
  m_RootOrder: 0
  m_LocalEulerAnglesHint: {x: 0, y: 0, z: 0}
--- !u!4 &4950744332464698
Transform:
  m_ObjectHideFlags: 1
  m_PrefabParentObject: {fileID: 0}
  m_PrefabInternal: {fileID: 100100000}
  m_GameObject: {fileID: 1082101374594536}
  m_LocalRotation: {x: 0.61805207, y: -0.28278822, z: 0.20091301, w: 0.70546186}
  m_LocalPosition: {x: -0.02994748, y: 0.01968102, z: -0.047060378}
  m_LocalScale: {x: 1.0000031, y: 1.0000229, z: 0.99997467}
  m_Children:
  - {fileID: 4065645926435004}
  m_Father: {fileID: 4879535041359030}
  m_RootOrder: 0
  m_LocalEulerAnglesHint: {x: 0, y: 0, z: 0}
--- !u!4 &4983454554619260
Transform:
  m_ObjectHideFlags: 1
  m_PrefabParentObject: {fileID: 0}
  m_PrefabInternal: {fileID: 100100000}
  m_GameObject: {fileID: 1554327274591210}
  m_LocalRotation: {x: -0.0003800781, y: -0.00011978754, z: -0.30070612, w: 0.95371675}
  m_LocalPosition: {x: -0.10531464, y: -0.00010574, z: 0.01382614}
  m_LocalScale: {x: 1.0000005, y: 0.9999997, z: 1.0000004}
  m_Children:
  - {fileID: 4911659675474846}
  m_Father: {fileID: 4879535041359030}
  m_RootOrder: 2
  m_LocalEulerAnglesHint: {x: 0, y: 0, z: 0}
--- !u!95 &95549635910869216
Animator:
  serializedVersion: 3
  m_ObjectHideFlags: 1
  m_PrefabParentObject: {fileID: 0}
  m_PrefabInternal: {fileID: 100100000}
  m_GameObject: {fileID: 1432672882935480}
  m_Enabled: 1
  m_Avatar: {fileID: 0}
  m_Controller: {fileID: 9100000, guid: 2fdb10878eeec407bb63bd66b57e8bc5, type: 2}
  m_CullingMode: 0
  m_UpdateMode: 0
  m_ApplyRootMotion: 0
  m_LinearVelocityBlending: 0
  m_WarningMessage: 
  m_HasTransformHierarchy: 1
  m_AllowConstantClipSamplingOptimization: 1
  m_KeepAnimatorControllerStateOnDisable: 0
--- !u!114 &114341499513164332
MonoBehaviour:
  m_ObjectHideFlags: 1
  m_PrefabParentObject: {fileID: 0}
  m_PrefabInternal: {fileID: 100100000}
  m_GameObject: {fileID: 1432672882935480}
  m_Enabled: 1
  m_EditorHideFlags: 0
  m_Script: {fileID: 11500000, guid: 3c0823de7f44b4f6c97b354dc9100d25, type: 3}
  m_Name: 
  m_EditorClassIdentifier: 
--- !u!137 &137213147339684670
SkinnedMeshRenderer:
  m_ObjectHideFlags: 1
  m_PrefabParentObject: {fileID: 0}
  m_PrefabInternal: {fileID: 100100000}
  m_GameObject: {fileID: 1469991414810224}
  m_Enabled: 1
  m_CastShadows: 1
  m_ReceiveShadows: 1
  m_DynamicOccludee: 1
  m_MotionVectors: 1
  m_LightProbeUsage: 1
  m_ReflectionProbeUsage: 1
  m_RenderingLayerMask: 4294967295
  m_Materials:
  - {fileID: 2100000, guid: d1f6ca490d99b4a0da158bde91cec70d, type: 2}
  m_StaticBatchInfo:
    firstSubMesh: 0
    subMeshCount: 0
  m_StaticBatchRoot: {fileID: 0}
  m_ProbeAnchor: {fileID: 0}
  m_LightProbeVolumeOverride: {fileID: 0}
  m_ScaleInLightmap: 1
  m_PreserveUVs: 0
  m_IgnoreNormalsForChartDetection: 0
  m_ImportantGI: 0
  m_StitchLightmapSeams: 0
  m_SelectedEditorRenderState: 3
  m_MinimumChartSize: 4
  m_AutoUVMaxDistance: 0.5
  m_AutoUVMaxAngle: 89
  m_LightmapParameters: {fileID: 0}
  m_SortingLayerID: 0
  m_SortingLayer: 0
  m_SortingOrder: 0
  serializedVersion: 2
  m_Quality: 0
  m_UpdateWhenOffscreen: 0
  m_SkinnedMotionVectors: 1
  m_Mesh: {fileID: 4300002, guid: f3788674b6025624aa2e63ce89582140, type: 3}
  m_Bones:
  - {fileID: 4736200074639200}
  m_BlendShapeWeights: []
  m_RootBone: {fileID: 4736200074639200}
  m_AABB:
    m_Center: {x: 0.017419755, y: -0.054104567, z: 0.0639536}
    m_Extent: {x: 0.2656597, y: 0.36810756, z: 0.12366421}
  m_DirtyAABB: 0
--- !u!137 &137843298005506580
SkinnedMeshRenderer:
  m_ObjectHideFlags: 1
  m_PrefabParentObject: {fileID: 0}
  m_PrefabInternal: {fileID: 100100000}
  m_GameObject: {fileID: 1316453922449726}
  m_Enabled: 1
  m_CastShadows: 1
  m_ReceiveShadows: 1
  m_DynamicOccludee: 1
  m_MotionVectors: 1
  m_LightProbeUsage: 1
  m_ReflectionProbeUsage: 1
  m_RenderingLayerMask: 4294967295
  m_Materials:
  - {fileID: 2100000, guid: d1f6ca490d99b4a0da158bde91cec70d, type: 2}
  m_StaticBatchInfo:
    firstSubMesh: 0
    subMeshCount: 0
  m_StaticBatchRoot: {fileID: 0}
  m_ProbeAnchor: {fileID: 0}
  m_LightProbeVolumeOverride: {fileID: 0}
  m_ScaleInLightmap: 1
  m_PreserveUVs: 0
  m_IgnoreNormalsForChartDetection: 0
  m_ImportantGI: 0
  m_StitchLightmapSeams: 0
  m_SelectedEditorRenderState: 3
  m_MinimumChartSize: 4
  m_AutoUVMaxDistance: 0.5
  m_AutoUVMaxAngle: 89
  m_LightmapParameters: {fileID: 0}
  m_SortingLayerID: 0
  m_SortingLayer: 0
  m_SortingOrder: 0
  serializedVersion: 2
  m_Quality: 0
  m_UpdateWhenOffscreen: 0
  m_SkinnedMotionVectors: 1
  m_Mesh: {fileID: 4300000, guid: f3788674b6025624aa2e63ce89582140, type: 3}
  m_Bones:
  - {fileID: 4868920777208156}
  - {fileID: 4577179319164314}
  - {fileID: 4540670414553192}
  - {fileID: 4330784078510088}
  - {fileID: 4134195899540140}
  - {fileID: 4872363487816564}
  - {fileID: 4844993214069920}
  - {fileID: 4950560502917562}
  - {fileID: 4679806756727860}
  - {fileID: 4590831974823806}
  - {fileID: 4597262115322832}
  - {fileID: 4879535041359030}
  - {fileID: 4950744332464698}
  - {fileID: 4065645926435004}
  - {fileID: 4825133698610496}
  - {fileID: 4034945103996882}
  - {fileID: 4572912735150228}
  - {fileID: 4287523203990874}
  - {fileID: 4983454554619260}
  - {fileID: 4911659675474846}
  - {fileID: 4300200457615748}
  - {fileID: 4499386353886830}
  - {fileID: 4681577471835840}
  - {fileID: 4919047304787732}
  - {fileID: 4623047548765652}
  - {fileID: 4420063035405508}
  - {fileID: 4041039478894478}
  - {fileID: 4338114129838462}
  - {fileID: 4842344724052532}
  - {fileID: 4500606209734284}
  - {fileID: 4373437423945340}
  - {fileID: 4836256361509438}
  - {fileID: 4289025233175730}
  - {fileID: 4446656339609822}
  - {fileID: 4919615033883256}
  - {fileID: 4141690093192566}
  - {fileID: 4736200074639200}
  - {fileID: 4785977509224938}
  - {fileID: 4824062202700248}
  - {fileID: 4158956139249944}
  - {fileID: 4255133222034692}
  - {fileID: 4739018728441540}
  - {fileID: 4174626607815224}
  - {fileID: 4007634851527870}
  - {fileID: 4272837044023286}
  - {fileID: 4051473964424868}
  - {fileID: 4773245329255000}
  m_BlendShapeWeights: []
  m_RootBone: {fileID: 4868920777208156}
  m_AABB:
    m_Center: {x: -0.051755905, y: 1.1944404, z: 0.14495134}
    m_Extent: {x: 0.97353876, y: 1.3419518, z: 1.9254231}
  m_DirtyAABB: 0
